@ARTICLE{2015arXiv150206932A,
  author = {{Akinshin}, A. and {Batenkov}, D. and {Yomdin}, Y.},
  title = {{Accuracy of spike-train Fourier reconstruction for colliding nodes}},
  journal = {arXiv:1502.06932 [math.CA]},
  year = {2015},
  month = {feb},
  url = {http://arxiv.org/abs/1502.06932}
}

  